@book{Krippendorff2004,
author = {Krippendorff K.},
isbn = {0-7619-1544-3},
year = {2004},
title = {{Content Analysis An Introduction to Its Methodology}},
publisher = {Sage Publications}	
}
@article{Drury2012,
author = {Drury M. Conboy K. Power K.},
title = {Obstacles to decision makin in Agile software development teams},
journal = {The journal of systems and software},
year = {2012}, 
Volume = {85}}
@article{Moe2011,
author = {Moe N.B, Aurum A, Dyb√• T},
title = {Challenges of shared decision making: A multiple case study of agile software development},
journal = {Information and software technology},
year = {2011},
Volume = {54}}